@inbook{Zhang_2016a, place={Boca Raton, FL}, title={A History of Precision Agricolture}, booktitle={Precision Agriculture Technology for crop farming}, publisher={Taylor \& Francis}, author={Zhang, Qin}, year={2016}, pages={1â€“13}} 

@book{Patel_2021, place={Boca Ratan, NL}, title={Smart agriculture emerging pedagogies of deep learning, Machine Learning and internet of things}, publisher={CRC Press}, author={Patel, Govind Singh}, year={2021}} 